
@ARTICLE{Felsenstein1981-zs,
title = "Evolutionary trees from {DNA} sequences: a maximum likelihood approach",
author = "Felsenstein, J",
journal = "J. Mol. Evol.",
publisher = "Springer",
volume =  17,
number =  6,
pages = "368--376",
year =  1981,
url = "http://www.ncbi.nlm.nih.gov/pubmed/7288891",
issn = "0022-2844",
pmid = "7288891"
}

